A2500004              SEFAZ AM            104CAIXA ECON. FEDERAL 20200623151065031                                                              160545
G      202006231554202020062300000000856500000092935000420200626103000775516013800000000929350000000000000011548    3000970588              1        0
G      202006231557462020062300000000856300000070762000420200626103000775623013160000000707620000000000000021548    3000972447              1        0
G      202006231558082020062300000000856200000015634000420200630402112377710512100000000156340000000000000031549    3000972608              1        0
G      202006231559032020062300000000856100000066994000420200626103000775651513800000000669940000000000000041548    3000973073              1        0
G      202006231555412020062300000000856600000012175000420200630402111763346612100000000121750000000000000053040    4000351181976           1        0
G      202006231555242020062300000000856500000001324000420200623402111015761812100000000013240000000000000063219    4000354149650           1        0
G      202006231544482020062300000000856600000006600000420200626103000776524713160000000066000000000000000070020    4000356416964           1        0
G      202006231545422020062300000000856500000007700000420200626103000776519013160000000077000000000000000080020    4000356416966           1        0
G      202006231549272020062300000000856600000025202000420200630402112107016012100000000252020000000000000091549    4000356983526           1        0
G      202006231550122020062300000000856100000110000000420200630653000775390698280000001100000000000000000102853    4000358865442           1        0
G      202006231556062020062300000000856200000136227000420200623153000776306813840000001362270000000000000111457    4000358915967           1        0
G      202006231549102020062300000000856800000017966000420200630402111762984112100000000179660000000000000122853    4000359537530           1        0
G      202006231544032020062300000000856800000037221000420200623253000759368014000000000372210000000000000132980    4000359850544           1        0
G      202006231546262020062300000000856100000048590000420200630402112625345012100000000485900000000000000141549    4000360110835           1        0
G      202006231542482020062300000000856000000027038000420200630402111607686512100000000270380000000000000151300    4000360237323           1        0
G      202006231555302020062300000000856800000019103000420200630402111526677612100000000191030000000000000162971    4000361882703           1        0
Z00001800000000000695471                                                                                                                              
